@article{article,
    author = "Harsh Jhamtani Varun Gangal Eduard Hovy Graham Neubig Taylor Berg-Kirkpatrick",
    title = "Learning to Generate Move-by-Move Commentary for Chess Games from Large-Scale Social Forum Data",
    journal = "Proceedings of the 56th Annual Meeting of the Association for Computational Linguistics",
    volume = "(Volume 1: Long Papers)",
    number = "",
    pages = "1661â€“1671",
    year = "2018",
    DOI = "https://doi.org/10.18653/v1/P18-1154",
    keywords = ""
}

@inproceedings{jhamtani2018acl,
    title = {Learning to Generate Move-by-Move Commentary for Chess Games from Large-Scale Social Forum Data},
    author = {Harsh Jhamtani and Varun Gangal and Eduard Hovy and Graham Neubig and Taylor Berg-Kirkpatrick},
    booktitle = {The 56th Annual Meeting of the Association for Computational Linguistics (ACL)},
    address = {Melbourne, Australia},
    month = {July},
    year = {2018}
}